%% This BibTeX bibliography file was created using BibDesk.
%% http://bibdesk.sourceforge.net/


%% Created for Collins, James B. at 2015-04-23 17:30:07 -0500 


%% Saved with string encoding Unicode (UTF-8) 



@incollection{Pareschi:2003,
	Author = {Pareschi, Lorenzo and Russo, Giovanni},
	Booktitle = {Hyperbolic Problems: Theory, Numerics, Applications},
	Date-Added = {2015-04-23 22:26:33 +0000},
	Date-Modified = {2015-04-23 22:26:50 +0000},
	Pages = {241--251},
	Publisher = {Springer},
	Title = {High order asymptotically strong-stability-preserving methods for hyperbolic systems with stiff relaxation},
	Year = {2003}}
